<?xml version="1.0" encoding="UTF-8"?><collection xmlns="http://www.loc.gov/MARC21/slim"><record><leader>00372nam--2200133-i-4500</leader><controlfield tag="001">000041310</controlfield><controlfield tag="002">20161230</controlfield><controlfield tag="005">20161230201043</controlfield><controlfield tag="008">060222s1000------------r-----000-0-eng-d</controlfield><datafield ind1=" " ind2=" " tag="100"><subfield code="a">Sesmat,Augustin</subfield></datafield><datafield ind1=" " ind2=" " tag="245"><subfield code="a">Le probleme des mouvements reels</subfield></datafield><datafield ind1=" " ind2=" " tag="260"><subfield code="a">Paris, Herman, 1937. 75 P</subfield></datafield><datafield ind1=" " ind2=" " tag="490"><subfield code="a">Systemes Des Reference Et Mouvements. Actualites Sscientifiques</subfield></datafield><datafield ind1=" " ind2=" " tag="852"><subfield code="a">342</subfield></datafield></record></collection>